<?xml version="1.0" encoding="UTF-8"?><collection xmlns="http://www.loc.gov/MARC21/slim"><record><leader>00511nam--2200193-i-4500</leader><controlfield tag="001">000006651</controlfield><controlfield tag="002">20161230</controlfield><controlfield tag="005">20161230201026</controlfield><controlfield tag="008">060222s1000------------r-----000-0-ger-d</controlfield><datafield ind1=" " ind2=" " tag="040"><subfield code="a">IFIN-HH</subfield></datafield><datafield ind1=" " ind2=" " tag="041"><subfield code="a">ger</subfield></datafield><datafield ind1=" " ind2=" " tag="080"><subfield code="a">539.17.01</subfield></datafield><datafield ind1="1" ind2=" " tag="100"><subfield code="a">Baldin, A. M</subfield></datafield><datafield ind1="1" ind2="0" tag="245"><subfield code="a">Kinematik der kernreaktionen</subfield><subfield code="c">A.m. baldin. w.i. goldanskij, i.l. rosental</subfield></datafield><datafield ind1=" " ind2=" " tag="260"><subfield code="a">Berlin</subfield><subfield code="b">Akademie-verlag</subfield><subfield code="c">1963</subfield></datafield><datafield ind1=" " ind2=" " tag="300"><subfield code="a">260P., 69 FIG</subfield></datafield><datafield ind1="1" ind2=" " tag="700"><subfield code="a">Rosental, I.L</subfield></datafield><datafield ind1=" " ind2=" " tag="852"><subfield code="a">9509</subfield><subfield code="c">539.17</subfield></datafield><datafield ind1=" " ind2=" " tag="CAT"><subfield code="a">Sys</subfield><subfield code="c">20120528</subfield><subfield code="h">165757</subfield></datafield></record></collection>